<record><leader>00000cas a22000007a 4500</leader><controlfield tag="001">10175834</controlfield><controlfield tag="008">831201d18711970pauwr ne      0    0eng d</controlfield><datafield ind1=" " ind2=" " tag="010"><subfield code="a">sn 83032113 </subfield></datafield><datafield ind1=" " ind2=" " tag="040"><subfield code="a">NPU</subfield><subfield code="b">eng</subfield><subfield code="c">NPU</subfield><subfield code="d">NPX</subfield><subfield code="d">NPH</subfield><subfield code="d">OCLCQ</subfield></datafield><datafield ind1=" " ind2=" " tag="042"><subfield code="a">msc</subfield></datafield><datafield ind1="0" ind2="4" tag="245"><subfield code="a">The Hummelstown sun.</subfield></datafield><datafield ind1="1" ind2="3" tag="246"><subfield code="a">Sun</subfield></datafield><datafield ind1=" " ind2=" " tag="260"><subfield code="a">Hummelstown, Pa. :</subfield><subfield code="b">J.W. Stofer &amp; W.R. Hendricks :</subfield><subfield code="b">-1970.</subfield></datafield><datafield ind1=" " ind2=" " tag="300"><subfield code="a">v. ;</subfield><subfield code="c">56 cm.</subfield></datafield><datafield ind1=" " ind2=" " tag="310"><subfield code="a">Weekly</subfield></datafield><datafield ind1="1" ind2=" " tag="362"><subfield code="a">Began with Dec. 1, 1871 issue.</subfield><subfield code="z">Cf. Egle, W.H. Hist. of the Counties of Dauphin and Lebanon ..., 1883.</subfield></datafield><datafield ind1="0" ind2=" " tag="362"><subfield code="a">-v. 99, no. 3 (July 24, 1970).</subfield></datafield><datafield ind1=" " ind2=" " tag="500"><subfield code="a">"Hummelstown" appears above title ornament in small type, &lt;1872-1876&gt;.</subfield></datafield><datafield ind1=" " ind2=" " tag="500"><subfield code="a">Publishers: J.W. Stofer &amp; W.R. Hendricks, &lt;1872-1873&gt;; W.R. Hendricks, &lt;1876&gt;.</subfield></datafield><datafield ind1=" " ind2=" " tag="500"><subfield code="a">Issue for Aug. 13, 1937 commemorates the 175th anniversary of the founding of Hummelstown.</subfield></datafield><datafield ind1=" " ind2=" " tag="500"><subfield code="a">Editor: W.R. Hendricks, &lt;1876&gt;.</subfield></datafield><datafield ind1=" " ind2=" " tag="588"><subfield code="a">Description based on: Vol. 1, no. 50 (Nov. 8, 1872).</subfield></datafield><datafield ind1=" " ind2=" " tag="752"><subfield code="a">United States</subfield><subfield code="b">Pennsylvania</subfield><subfield code="c">Dauphin</subfield><subfield code="d">Hummelstown.</subfield></datafield><datafield ind1="0" ind2="0" tag="785"><subfield code="t">Sun (Hummelstown, Pa.)</subfield><subfield code="w">(DLC)sn 86081640</subfield></datafield></record>